<record><leader>00000cas a22000007a 4500</leader><controlfield tag="001">17255920</controlfield><controlfield tag="008">871218d19161918iauwr ne      0    0eng d</controlfield><datafield ind1=" " ind2=" " tag="010"><subfield code="a">sn 87058656 </subfield></datafield><datafield ind1=" " ind2=" " tag="040"><subfield code="a">INP</subfield><subfield code="b">eng</subfield><subfield code="c">INP</subfield><subfield code="d">OCLCQ</subfield></datafield><datafield ind1=" " ind2=" " tag="042"><subfield code="a">msc</subfield></datafield><datafield ind1="0" ind2="4" tag="245"><subfield code="a">The Mason City weekly globe-gazette.</subfield></datafield><datafield ind1="1" ind2="3" tag="246"><subfield code="a">Mason City weekly globe-gazette, Cerro Gordo County Republican</subfield></datafield><datafield ind1=" " ind2=" " tag="260"><subfield code="a">Mason City, Iowa :</subfield><subfield code="b">Globe-Gazette Print. Co.,</subfield><subfield code="c">1916-</subfield></datafield><datafield ind1=" " ind2=" " tag="300"><subfield code="a">v.</subfield></datafield><datafield ind1=" " ind2=" " tag="310"><subfield code="a">Weekly</subfield></datafield><datafield ind1="0" ind2=" " tag="362"><subfield code="a">Vol. 23, no. 13 (Aug. 24, 1916)-</subfield></datafield><datafield ind1="1" ind2=" " tag="362"><subfield code="a">Ceased in 1918.</subfield></datafield><datafield ind1=" " ind2=" " tag="515"><subfield code="a">Issues for Nov. 2, 1916-&lt;Aug. 30, 1917&gt; have numbering of: Mason City globe-gazette (Mason City, Iowa : 1895 : Daily).</subfield></datafield><datafield ind1=" " ind2=" " tag="752"><subfield code="a">United States</subfield><subfield code="b">Iowa</subfield><subfield code="c">Cerro Gordo</subfield><subfield code="d">Mason City.</subfield></datafield><datafield ind1="0" ind2=" " tag="775"><subfield code="t">Mason City globe-gazette (Mason City, Iowa : 1895 : Daily)</subfield><subfield code="w">(DLC)sn 87058653</subfield></datafield><datafield ind1="0" ind2="0" tag="780"><subfield code="t">Mason City globe-gazette (Mason City, Iowa : 1916 : Weekly)</subfield><subfield code="w">(DLC)sn 87058655</subfield></datafield></record>